@book{foreword,
author = "Kurt Vonnegut",
sortname = "Kurt Vonnegut",
Title = "Player Piano",
publisher = "Macmillan \& Co Limited",
year = "1953",
sortyear = "1953-1",
pages = "11"
}

@book{chapter7,
author = "Kurt Vonnegut",
sortname = "Kurt Vonnegut",
Title = "Player Piano",
publisher = "Macmillan \& Co Limited",
year = "1953",
sortyear = "1953-2",
pages = "47--49",
}