@book{melvin,
  chapter={The case of too-long-delayed equality brown V. Board of Education (1954 and 1955)},
  title={Supreme decisions: great constitutional cases and their impact},
  author={Melvin I.\ Urofsky},
  publisher={Westview Press},
  year={2012},
  url={https://search-credoreference-com.flpoly-proxy.flvc.org/content/title/perssupre?tab=entry_view&entry_id=13011025}
}

@article{brown,
  title={Brown v. board of education},
  author={Warren, Chief Justice Earl},
  journal={United States Reports},
  volume={347},
  number={1954},
  pages={483},
  year={1954},
  url={https://www.loc.gov/item/usrep347483/},
}

@article{plessy,
  title={U.S. Reports: Plessy v. Ferguson, 163 U.S. 537 (1896).},
  author={of the United States, Supreme Court},
  series={Constitutional Law},
  volume={163},
  year={1895},
  url={https://www.loc.gov/item/usrep163537/},
}

@misc{14th,
  title={U.S. Constitution Fourteenth Amendment: Library of Congress},
  author={Congress, United States},
  url={https://constitution.congress.gov/constitution/amendment-14/},
  journal={Constitution Annotated},
  year={1868},
}