@ONLINE {usatoday1,
    author = "Dian Zhang and Erin Mansfield and Dinah Voyles Pulver",
    title  = "Coronavirus: How the face mask supply in the U.S. dropped",
    month = "May",
    year = "2020",
    url = "https://www.usatoday.com/story/news/investigations/2020/04/08/coronavirus-how-face-mask-supply-u-s-dropped/5119824002/"
}

@ONLINE {time1,
    author = "Amy Gunia",
    title  = "There Aren't Enough Medical Masks to Fight Coronavirus. Here's Why It's Not Going to Get Better Anytime Soon",
    month  = "feb",
    year   = "2020",
    url    = "https://time.com/5785223/medical-masks-coronavirus-covid-19/"
}

@ONLINE {fortune1,
    title = "Impact of COVID-19 on the Global Hand Sanitizer Market Size, Share, Industry Analysis and Regional Forecast, 2019-2026",
    year  = "2019",
    url   = "https://www.fortunebusinessinsights.com/impact-of-covid-19-on-hand-sanitizer-market-102719"
}

@ONLINE {marketwatch1,
    title = "N95 Grade Mask Market â€“ Global Industry Analysis, Size, Share, Growth, Trends and Forecast 2020 - 2026",
    month = "jul",
    year  = "2020",
    url   = "https://www.marketwatch.com/press-release/n95-safety-mask-market-2020-research-report-with-covid-19-update-growth-strategy-and-industry-development-to-2026-2020-07-24"
}

@ONLINE {technavio1,
    title = "How Surging Hand Sanitizer Demand is Impacting the Global Isopropyl Alcohol Supply",
    month = "apr",
    year  = "2020",
    url   = "https://blog.technavio.com/blog/hand-sanitizer-demand-impacting-isopropyl-alcohol"
}

@ONLINE {census1,
    title = "COVID-19 Demographic and Economic Resources",
    month = "aug",
    year  = "2020",
    url   = "https://covid19.census.gov/"
}