@book{kurt1,
author = "Kurt Vonnegut",
Title = "Player Piano",
publisher = "Macmillan \& Co Limited",
year = "1953",
}