@misc{ data_us,
	title = "Data Protection Law",
	howpublished = "{\it HG.org}, (2020) \url{https://hg.org/
	data-protection.html}" }

@misc{ data_eu,
	title = "Data protection in the EU",
	howpublished = "{\it European Commission} 19/3/2020, \url{https://ec.europa.eu/info/law/
	law-topic/data-protection-eu\_en}" }

@misc{ harper,
	author = "Jim Harper",
	title = "Administering the Fourth Amendment in the Digital Age",
	howpublished = "{\it A Twenty-First Century Framework for Digital Privacy}, National Constitution Center, \url{https://constitutioncenter.org/digital-privacy/
The-Fourth-Amendment-in-the-Digital-Age}"} 

@misc{ wired,
	author = "Justin Sullivan",
	title = "The Supreme Court Just Greatly Strengthened Digital Privacy",
	howpublished = "{\it Wired}, 22/6/2018, \url{https://wired.com/story/carpenter-v-united-states-supreme-court-digital-privacy/}"}
