@book{atwood1,
author = "Margaret Atwood",
Title = "Oryx and Crake",
publisher = "Nan A. Talese",
address = "New York",
year = "2003",
}