@article{bessen,
	title={How computer automation affects occupations: Technology, jobs, and skills},
	author={Bessen, James E},
	journal={Boston Univ.\ school of law, law and economics research paper},
	number={15-49},
	year={2016}
}

@article{pham,
	title={The impact of Robotics and Automation on Working Conditions and Employment [Ethical, Legal, and Societal Issues]},
	author={Pham, Q-C and Madhaven, Raj and Righetti, Ludovic and Smart, William and Chatila, Raja},
	journal={IEEE Robotics \& Automation Magazine},
	volume={25},
	number={2},
	pages={126--128},
	year={2018},
	publisher={IEEE}
}

@article{algernon,
	title={Stick Shift: Autonomous Vehicles, Driving jobs, and the Future of Work},
	author={Austin, Algernon},
	year={2017},
	publisher={Center for Global Policy Solutions}
}

@article{borry,
	title={Automation in the Public Sector: Efficiency at the Expense of Equity?},
	author={Borry, Erin L and Getha-Taylor, Heather},
	journal={Public Integrity},
	volume={21},
	number={1},
	pages={6--21},
	year={2019},
	publisher={Taylor \& Francis}
}

@article{sucher,
	title={Layoffs: Effects on Key Stakeholders},
	author={Sucher, Sandra j and Green, Elana Sara and Rosales, David Alberto and Wnerberg, Susan j},
	year={2010}
}

@article{ford,
	title={Rise of the Robots: Technology and the Threat of a Jobless Future},
	author={Ford, Martin},
	year={2015},
	publisher={Basic Books}
}

@article{frey,
	title={The future of employment: How susceptible are jobs to computerization?},
	author={Frey, Carl Benedikt and Osborne, Michael A},
	journal={Technological forecasting and social change},
	volume={114},
	pages={254--280},
	year={2017},
	publisher={Elsevier}
}

@article{winick,
	title={Every study we could find on what automation will do to jobs, in one chart},
	url={https://www.technologyreview.com/2018/01/25/146020/every-study-we-could-find-on-what-automation-will-do-to-jobs-in-one-chart/},
	journal={MIT Technology Review},
	publisher={MIT Technology Review},
	author={Winick, Erin},
	year={2020},
	month={Apr}
}
