@incollection{chap2,
	title={Is Bitcoin a Real Currency? An Economic Appraisal},
	author={Yermack, David},
	booktitle={Handbook of Digital Currency},
	pages={31--43},
	year={2015},
	publisher={Elsevier}
}

@misc{med,
	title={Medium of Exchange Definition},
	url={https://www.investopedia.com/terms/m/mediumofexchange.asp},
	journal={Investopedia},
	publisher={Dotdash},
	author={Chen, James},
	year=2020,
	month=Feb
}

@misc{unit,
	title={Money Definition},
	url={https://investopedia.com/terms/m/money.asp},
	journal={Investopedia},
	publisher={Dotdash},
	author={Author, Staff},
	year=2020
}

@misc{store,
	title={Store of Value Definition},
	url={https://investopedia/terms/s/storeofvalue.asp},
	journal={Investopedia},
	publisher={Dotdash},
	author={Downey, Lucas},
	year=2020,
	month=Jan
}

@incollection{chap8,
	title={Counterfeiting in CryptoCurrency: An Emerging Problem},
	author={McKinney, Ralph E.,Jr. and Shao, Lawrence P. and Rosenlieb, Duane C., Jr. and Shao, Dale H.},
	booktitle={Handbook of Digital Currency},
	pages={173--187},
	year={2015},
	publisher={Elsevier}
}

@incollection{chap12,
	title={A Microeconomic Analysis of Bitcoin and Illegal Activities},
	author={Saito, Tetsuya},
	booktitle={Handbook of Digital Currency},
	pages={231--248},
	year={2015},
	publisher={Elsevier}
}

@incollection{chap13,
	title={Legal Issues in Cryptocurrency},
	author={Sapovadia, Vrajlal},
	booktitle={Handbook of Digital Currency},
	pages={253--266},
	year={2015},
	publisher={Elsevier}
}
