@book{eggers1,
author = "Dave Eggers",
Title = "The Circle",
publisher = "McSweeney's Books",
address = "San Francisco",
year = "2013",
}