@book{eggers1,
author = "Dave Eggers",
Title = "The Circle",
publisher = "McSweeney's Books",
year = "2013",
}